<record><leader>00000cas a22000007a 4500</leader><controlfield tag="001">23379424</controlfield><controlfield tag="007">hd afu---buaa</controlfield><controlfield tag="008">910405d18201841dcuuu nea     0    0eng d</controlfield><controlfield tag="009">256</controlfield><datafield ind1=" " ind2=" " tag="010"><subfield code="a">sn 91025744 </subfield></datafield><datafield ind1=" " ind2=" " tag="040"><subfield code="a">HLS</subfield><subfield code="b">eng</subfield><subfield code="c">HLS</subfield><subfield code="d">HUL</subfield></datafield><datafield ind1=" " ind2=" " tag="012"><subfield code="i">9104</subfield></datafield><datafield ind1="1" ind2=" " tag="029"><subfield code="a">AU@</subfield><subfield code="b">000025872937</subfield></datafield><datafield ind1=" " ind2=" " tag="042"><subfield code="a">msc</subfield></datafield><datafield ind1="0" ind2=" " tag="130"><subfield code="a">National gazette and literary register (Philadelphia, Pa. : Semiweekly)</subfield></datafield><datafield ind1="0" ind2="4" tag="245"><subfield code="a">The national gazette and literary register</subfield><subfield code="h">[microform].</subfield></datafield><datafield ind1="0" ind2="3" tag="246"><subfield code="a">National gazette</subfield></datafield><datafield ind1=" " ind2=" " tag="260"><subfield code="a">Philadelphia :</subfield><subfield code="b">W. Fry,</subfield><subfield code="c">1820-1841.</subfield></datafield><datafield ind1=" " ind2=" " tag="300"><subfield code="a">v.</subfield></datafield><datafield ind1=" " ind2=" " tag="310"><subfield code="a">Triweekly,</subfield><subfield code="b">Dec. 3, 1822-Oct. 2, 1841</subfield></datafield><datafield ind1=" " ind2=" " tag="321"><subfield code="a">Semiweekly,</subfield><subfield code="b">Apr. 5, 1820-Nov. 30, 1822</subfield></datafield><datafield ind1="0" ind2=" " tag="362"><subfield code="a">Vol. 1, no. 1 (Apr. 5, 1820)-v. 21, no. 3136 (Oct. 2, 1841).</subfield></datafield><datafield ind1=" " ind2=" " tag="500"><subfield code="a">Nov. 1, 1820, vol. 1, no. 1 of daily paper of same name also presented as v. 1, no. 1 of semiweekly.</subfield></datafield><datafield ind1=" " ind2=" " tag="533"><subfield code="a">Microfilm.</subfield><subfield code="b">Washington D.C. :</subfield><subfield code="c">Library of Congress Photoduplication Service,</subfield><subfield code="d">1982.</subfield><subfield code="e">9 microfilm reels ; 35 mm.</subfield></datafield><datafield ind1=" " ind2=" " tag="752"><subfield code="a">United States</subfield><subfield code="b">Pennsylvania</subfield><subfield code="c">Philadelphia</subfield><subfield code="d">Philadelphia.</subfield></datafield><datafield ind1="1" ind2=" " tag="776"><subfield code="t">National gazette and literary register (Philadelphia, Pa. : Daily)</subfield><subfield code="w">(DLC)sn 83045322</subfield><subfield code="w">(OCoLC)2264659</subfield></datafield><datafield ind1="0" ind2="0" tag="785"><subfield code="t">National gazette (Philadelphia, Pa. : Triweekly)</subfield></datafield><datafield ind1=" " ind2=" " tag="850"><subfield code="a">MH</subfield></datafield></record>